<?xml version="1.0" encoding="UTF-8"?><collection xmlns="http://www.loc.gov/MARC21/slim"><record><leader>00385nam--2200133-i-4500</leader><controlfield tag="001">000031265</controlfield><controlfield tag="002">20161230</controlfield><controlfield tag="005">20161230201038</controlfield><controlfield tag="008">060222s1000------------r-----000-0-eng-d</controlfield><datafield ind1=" " ind2=" " tag="100"><subfield code="a">Mackey, George W</subfield></datafield><datafield ind1=" " ind2=" " tag="245"><subfield code="a">The mathematical foundations of quantum mechanics</subfield></datafield><datafield ind1=" " ind2=" " tag="260"><subfield code="a">New York, W.A.Benjamin, Inc., 1963. X + 137p</subfield></datafield><datafield ind1=" " ind2=" " tag="490"><subfield code="a">Mathematical Physics Monograph Series</subfield></datafield><datafield ind1=" " ind2=" " tag="852"><subfield code="a">19507</subfield></datafield></record></collection>